<record><leader>00000cas a2200000Mi 4500</leader><controlfield tag="001">887918421</controlfield><controlfield tag="006">m     o  d        </controlfield><controlfield tag="007">cr |n|000|||||</controlfield><controlfield tag="008">131031c20139999nyudn neo     0    0eng  </controlfield><datafield ind1=" " ind2=" " tag="010"><subfield code="a">  2013254386</subfield></datafield><datafield ind1=" " ind2=" " tag="040"><subfield code="a">Nz</subfield><subfield code="b">eng</subfield><subfield code="e">rda</subfield><subfield code="c">Z5A</subfield><subfield code="d">OCLCO</subfield><subfield code="d">OCLCF</subfield><subfield code="d">OCLCQ</subfield></datafield><datafield ind1=" " ind2=" " tag="043"><subfield code="a">n-us-ny</subfield></datafield><datafield ind1="1" ind2="4" tag="050"><subfield code="a">DC701</subfield><subfield code="b">.I57</subfield></datafield><datafield ind1="0" ind2="0" tag="245"><subfield code="a">International New York times.</subfield></datafield><datafield ind1=" " ind2="1" tag="264"><subfield code="a">New York, NY :</subfield><subfield code="b">New York Times Company</subfield></datafield><datafield ind1=" " ind2=" " tag="300"><subfield code="a">1 online resource</subfield></datafield><datafield ind1=" " ind2=" " tag="310"><subfield code="a">Daily (except Sundays, May Day, Christmas and New Year's Day)</subfield></datafield><datafield ind1=" " ind2=" " tag="336"><subfield code="a">text</subfield><subfield code="b">txt</subfield><subfield code="2">rdacontent</subfield></datafield><datafield ind1=" " ind2=" " tag="337"><subfield code="a">computer</subfield><subfield code="b">c</subfield><subfield code="2">rdamedia</subfield></datafield><datafield ind1=" " ind2=" " tag="338"><subfield code="a">online resource</subfield><subfield code="b">cr</subfield><subfield code="2">rdacarrier</subfield></datafield><datafield ind1="1" ind2=" " tag="362"><subfield code="a">Began with no. 40,619 (October 15, 2013).</subfield></datafield><datafield ind1=" " ind2=" " tag="500"><subfield code="a">Edited from Paris, London, Hong Kong, and New York.</subfield></datafield><datafield ind1=" " ind2=" " tag="515"><subfield code="a">First issue also called "Premier edition."</subfield></datafield><datafield ind1=" " ind2=" " tag="516"><subfield code="a">Text (electronic journal).</subfield></datafield><datafield ind1=" " ind2=" " tag="530"><subfield code="a">Also issued in print.</subfield></datafield><datafield ind1=" " ind2=" " tag="538"><subfield code="a">Mode of access: World Wide Web.</subfield></datafield><datafield ind1=" " ind2=" " tag="588"><subfield code="a">Machine converted from non-AACR2, ISBD-encoded source record.</subfield></datafield><datafield ind1="0" ind2=" " tag="588"><subfield code="a">No. 40,619 (October 15, 2013); title from masthead.</subfield></datafield><datafield ind1="1" ind2=" " tag="588"><subfield code="a">No. 40,621 (October 17, 2013).</subfield></datafield><datafield ind1=" " ind2="0" tag="650"><subfield code="a">Foreign news</subfield><subfield code="z">New York (State)</subfield><subfield code="z">New York</subfield><subfield code="v">Newspapers.</subfield></datafield><datafield ind1=" " ind2="7" tag="650"><subfield code="a">Foreign news.</subfield><subfield code="2">fast</subfield><subfield code="0">(OCoLC)fst00931863</subfield></datafield><datafield ind1=" " ind2="7" tag="651"><subfield code="a">New York (State)</subfield><subfield code="z">New York.</subfield><subfield code="2">fast</subfield><subfield code="0">(OCoLC)fst01204333</subfield></datafield><datafield ind1=" " ind2="7" tag="655"><subfield code="a">Newspapers.</subfield><subfield code="2">fast</subfield><subfield code="0">(OCoLC)fst01423814</subfield></datafield><datafield ind1="0" ind2=" " tag="730"><subfield code="a">International New York times (Online)</subfield></datafield><datafield ind1=" " ind2=" " tag="752"><subfield code="a">United States</subfield><subfield code="b">New York</subfield><subfield code="c">New York</subfield><subfield code="d">New York.</subfield></datafield><datafield ind1="0" ind2="0" tag="780"><subfield code="t">International herald tribune</subfield><subfield code="x">0294-8052</subfield><subfield code="w">(DLC)sn 86013905</subfield><subfield code="w">(OCoLC)6906145</subfield></datafield><datafield ind1="0" ind2=" " tag="787"><subfield code="t">New York times</subfield><subfield code="x">0362-4331</subfield><subfield code="w">(DLC)sn 78004456</subfield><subfield code="w">(OCoLC)1645522</subfield></datafield><datafield ind1="0" ind2=" " tag="029"><subfield code="a">NZ1</subfield><subfield code="b">15552446</subfield></datafield></record>